
@article{ahlfeldt_etal_2015,
  title = {The {{Economics}} of {{Density}}: {{Evidence From}} the {{Berlin Wall}}},
  shorttitle = {The {{Economics}} of {{Density}}},
  author = {Ahlfeldt, Gabriel M. and Redding, Stephen J. and Sturm, Daniel M. and Wolf, Nikolaus},
  year = {2015},
  journal = {Econometrica},
  volume = {83},
  number = {6},
  pages = {2127--2189},
  issn = {1468-0262},
  doi = {10.3982/ECTA10876},
  urldate = {2023-05-24},
  langid = {english},
  keywords = {Agglomeration,cities,commuting,density,gravity}
}

@techreport{ahlfeldt_etal_2020,
  type = {{{CEP Discussion Papers}}},
  title = {Quality of Life in a Dynamic Spatial Model},
  author = {Ahlfeldt, Gabriel M. and Bald, Fabian and Roth, Duncan and Seidel, Tobias},
  year = {2020},
  month = dec,
  number = {dp1736},
  institution = {{Centre for Economic Performance, LSE}},
  keywords = {Covid-19,dynamic,housing,migration,pollution,productivity,quality,rents,spatial equilibrium}
}

@article{ahlfeldt_etal_2023,
  title = {Micro-Geographic Property Price and Rent Indices},
  author = {Ahlfeldt, Gabriel M. and Heblich, Stephan and Seidel, Tobias},
  year = {2023},
  month = jan,
  journal = {Regional Science and Urban Economics},
  volume = {98},
  pages = {103836},
  issn = {01660462},
  doi = {10.1016/j.regsciurbeco.2022.103836},
  urldate = {2023-02-08},
  langid = {english}
}

@inproceedings{ahlfeldt_mcmillen_2014,
  title = {New {{Estimates}} of the {{Elasticity}} of {{Substitution}} of {{Land}} for {{Capital}}},
  author = {Ahlfeldt, Gabriel M. and McMillen, Daniel P.},
  year = {2014}
}

@techreport{aksoy_etal_2022,
  title = {Working from {{Home Around}} the {{World}}},
  author = {Aksoy, Cevat Giray and Barrero, Jose Maria and Bloom, Nicholas and Davis, Steven and Dolls, Mathias and Zarate, Pablo},
  year = {2022},
  month = sep,
  number = {w30446},
  pages = {w30446},
  address = {{Cambridge, MA}},
  institution = {{National Bureau of Economic Research}},
  doi = {10.3386/w30446},
  urldate = {2023-01-06},
  langid = {english}
}

@article{alipour_etal_2020,
  title = {Germany's {{Capacities}} to {{Work}} from {{Home}}},
  author = {Alipour, Jean-Victor and Falck, Oliver and Sch{\"u}ller, Simone},
  year = {2020},
  journal = {SSRN Electronic Journal},
  issn = {1556-5068},
  doi = {10.2139/ssrn.3578262},
  urldate = {2022-04-18},
  langid = {english}
}

@article{alipour_etal_2022,
  title = {The {{Future}} of {{Work}} and {{Consumption}} in {{Cities}} after the {{Pandemic}}: {{Evidence}} from {{Germany}}},
  shorttitle = {The {{Future}} of {{Work}} and {{Consumption}} in {{Cities}} after the {{Pandemic}}},
  author = {Alipour, Jean-Victor and Falck, Oliver and Krause, Simon and Krolage, Carla and Wichert, Sebastian},
  year = {2022},
  journal = {SSRN Electronic Journal},
  issn = {1556-5068},
  doi = {10.2139/ssrn.4255438},
  urldate = {2022-11-28},
  langid = {english}
}

@book{alonso_1964,
  title = {Location and {{Land Use}}: {{Toward}} a {{General Theory}} of {{Land Rent}}},
  shorttitle = {Location and {{Land Use}}},
  author = {Alonso, William},
  year = {1964},
  month = dec,
  publisher = {{Harvard University Press}},
  doi = {10.4159/harvard.9780674730854},
  urldate = {2023-02-27},
  isbn = {978-0-674-72956-8}
}

@article{bergeaud_etal_2023,
  title = {Working from Home and Corporate Real Estate},
  author = {Bergeaud, Antonin and Eym{\'e}oud, Jean-Beno{\^i}t and Garcia, Thomas and Henricot, Dorian},
  year = {2023},
  month = jan,
  journal = {Regional Science and Urban Economics},
  pages = {103878},
  issn = {0166-0462},
  doi = {10.1016/j.regsciurbeco.2023.103878},
  keywords = {Commercial real estate,Corporate real estate,Teleworking}
}

@incollection{brueckner_1987,
  title = {The Structure of Urban Equilibria: {{A}} Unified Treatment of the Muth-Mills Model},
  shorttitle = {Chapter 20 {{The}} Structure of Urban Equilibria},
  booktitle = {Handbook of {{Regional}} and {{Urban Economics}}},
  author = {Brueckner, Jan K.},
  year = {1987},
  volume = {2},
  pages = {821--845},
  publisher = {{Elsevier}},
  doi = {10.1016/S1574-0080(87)80006-8},
  urldate = {2022-04-20},
  isbn = {978-0-444-87970-7},
  langid = {english}
}

@article{davis_2004,
  title = {The {{Effect}} of {{Health Risk}} on {{Housing Values}}: {{Evidence}} from a {{Cancer Cluster}}},
  shorttitle = {The {{Effect}} of {{Health Risk}} on {{Housing Values}}},
  author = {Davis, Lucas W},
  year = {2004},
  month = nov,
  journal = {American Economic Review},
  volume = {94},
  number = {5},
  pages = {1693--1704},
  issn = {0002-8282},
  doi = {10.1257/0002828043052358},
  urldate = {2022-05-10},
  langid = {english}
}

@techreport{davis_etal_2021,
  title = {The {{Work-from-Home Technology Boon}} and Its {{Consequences}}},
  author = {Davis, Morris and Ghent, Andra and Gregory, Jesse},
  year = {2021},
  month = feb,
  number = {w28461},
  pages = {w28461},
  address = {{Cambridge, MA}},
  institution = {{National Bureau of Economic Research}},
  doi = {10.3386/w28461},
  urldate = {2022-05-16},
  langid = {english}
}

@article{delventhal_etal_2022,
  title = {{{JUE Insight}}: {{How}} Do Cities Change When We Work from Home?},
  shorttitle = {{{JUE Insight}}},
  author = {Delventhal, Matthew J. and Kwon, Eunjee and Parkhomenko, Andrii},
  year = {2022},
  month = jan,
  journal = {Journal of Urban Economics},
  volume = {127},
  pages = {103331},
  issn = {00941190},
  doi = {10.1016/j.jue.2021.103331},
  urldate = {2022-05-16},
  langid = {english}
}

@article{dingel_neiman_2020,
  title = {How Many Jobs Can Be Done at Home?},
  author = {Dingel, Jonathan I. and Neiman, Brent},
  year = {2020},
  month = sep,
  journal = {Journal of Public Economics},
  volume = {189},
  pages = {104235},
  issn = {00472727},
  doi = {10.1016/j.jpubeco.2020.104235},
  urldate = {2022-09-28},
  langid = {english}
}

@book{dipasquale_wheaton_1996,
  title = {Urban Economics and Real Estate Markets},
  author = {DiPasquale, Denise and Wheaton, William C.},
  year = {1996},
  publisher = {{Prentice Hall}},
  address = {{Englewood Cliffs, NJ}},
  isbn = {978-0-13-225244-7},
  lccn = {HD257 .D56 1996},
  keywords = {Cities and towns,Growth,Real estate business,Real estate development,United States,Urban economics},
  annotation = {cites: dipasquale\_wheaton\_1996}
}

@misc{duranton_handbury_2023,
  type = {Working {{Paper}}},
  title = {Covid and {{Cities}}, {{Thus Far}}},
  author = {Duranton, Gilles and Handbury, Jessie},
  year = {2023},
  month = apr,
  series = {Working {{Paper Series}}},
  number = {31158},
  eprint = {31158},
  publisher = {{National Bureau of Economic Research}},
  doi = {10.3386/w31158},
  urldate = {2023-07-04},
  archiveprefix = {National Bureau of Economic Research}
}

@incollection{duranton_puga_2015,
  title = {Chapter 8 - {{Urban Land Use}}},
  booktitle = {Handbook of {{Regional}} and {{Urban Economics}}},
  author = {Duranton, Gilles and Puga, Diego},
  editor = {Duranton, Gilles and Henderson, J. Vernon and Strange, William C.},
  year = {2015},
  month = jan,
  series = {Handbook of {{Regional}} and {{Urban Economics}}},
  volume = {5},
  pages = {467--560},
  publisher = {{Elsevier}},
  doi = {10.1016/B978-0-444-59517-1.00008-8},
  urldate = {2023-05-22},
  langid = {english},
  keywords = {Land use,Urban structure}
}

@article{epple_etal_2010,
  title = {A {{New Approach}} to {{Estimating}} the {{Production Function}} for {{Housing}}},
  author = {Epple, Dennis and Gordon, Brett and Sieg, Holger},
  year = {2010},
  month = jun,
  journal = {American Economic Review},
  volume = {100},
  number = {3},
  pages = {905--924},
  issn = {0002-8282},
  doi = {10.1257/aer.100.3.905},
  urldate = {2021-06-08},
  langid = {english}
}

@article{epple_etal_2020,
  title = {A {{New Approach}} to {{Estimating Equilibrium Models}} for {{Metropolitan Housing Markets}}},
  author = {Epple, Dennis and Quintero, Luis and Sieg, Holger},
  year = {2020},
  month = mar,
  journal = {Journal of Political Economy},
  volume = {128},
  number = {3},
  pages = {948--983},
  publisher = {{The University of Chicago Press}},
  issn = {0022-3808},
  doi = {10.1086/704755},
  urldate = {2023-03-27}
}

@book{glaeser_2008,
  title = {Cities, Agglomeration, and Spatial Equilibrium},
  author = {Glaeser, Edward L.},
  year = {2008},
  series = {Lindahl Lectures},
  publisher = {{Oxford University Press}},
  address = {{Oxford}},
  isbn = {978-0-19-929044-4},
  lccn = {HT321 .G52 2008},
  keywords = {Urban economics},
  annotation = {OCLC: ocn226280253}
}

@book{glaeser_2011,
  title = {Triumph of the City: {{How}} Our Greatest Invention Makes Us Richer, Smarter, Greener, Healthier, and Happier},
  author = {Glaeser, Edward},
  year = {2011},
  publisher = {{Penguin}},
  isbn = {0-14-312054-9}
}

@techreport{glaeser_2020,
  type = {Working {{Paper}}},
  title = {Urbanization and Its {{Discontents}}},
  author = {Glaeser, Edward L},
  year = {2020},
  month = mar,
  series = {Working {{Paper Series}}},
  number = {26839},
  institution = {{National Bureau of Economic Research}},
  doi = {10.3386/w26839}
}

@article{glaeser_etal_2005a,
  title = {Why {{Have Housing Prices Gone Up}}?},
  author = {Glaeser, Edward L and Gyourko, Joseph and Saks, Raven E.},
  year = {2005},
  month = may,
  journal = {American Economic Review},
  volume = {95},
  number = {2},
  pages = {329--333},
  doi = {10.1257/000282805774669961}
}

@article{glaeser_etal_2012,
  title = {Housing {{Booms}} and {{City Centers}}},
  author = {Glaeser, Edward L and Gottlieb, Joshua D. and Tobio, Kristina},
  year = {2012},
  month = may,
  journal = {American Economic Review},
  volume = {102},
  number = {3},
  pages = {127--33},
  doi = {10.1257/aer.102.3.127}
}

@article{glaeser_etal_2014,
  title = {Housing Dynamics: {{An}} Urban Approach},
  shorttitle = {Housing Dynamics},
  author = {Glaeser, Edward L. and Gyourko, Joseph and Morales, Eduardo and Nathanson, Charles G.},
  year = {2014},
  month = may,
  journal = {Journal of Urban Economics},
  volume = {81},
  pages = {45--56},
  issn = {00941190},
  doi = {10.1016/j.jue.2014.02.003},
  urldate = {2021-05-08},
  langid = {english}
}

@article{glaeser_gottlieb_2009,
  title = {The {{Wealth}} of {{Cities}}: {{Agglomeration Economies}} and {{Spatial Equilibrium}} in the {{United States}}},
  shorttitle = {The {{Wealth}} of {{Cities}}},
  author = {Glaeser, Edward L. and Gottlieb, Joshua D.},
  year = {2009},
  month = dec,
  journal = {Journal of Economic Literature},
  volume = {47},
  number = {4},
  pages = {983--1028},
  issn = {0022-0515},
  doi = {10.1257/jel.47.4.983},
  urldate = {2023-02-10},
  langid = {english}
}

@article{glaeser_gyourko_2005,
  title = {Urban {{Decline}} and {{Durable Housing}}},
  author = {Glaeser, Edward~L. and Gyourko, Joseph},
  year = {2005},
  month = apr,
  journal = {Journal of Political Economy},
  volume = {113},
  number = {2},
  pages = {345--375},
  issn = {0022-3808, 1537-534X},
  doi = {10.1086/427465},
  urldate = {2021-06-08},
  langid = {english}
}

@article{glaeser_gyourko_2018,
  title = {The {{Economic Implications}} of {{Housing Supply}}},
  author = {Glaeser, Edward and Gyourko, Joseph},
  year = {2018},
  month = feb,
  journal = {Journal of Economic Perspectives},
  volume = {32},
  number = {1},
  pages = {3--30},
  issn = {0895-3309},
  doi = {10.1257/jep.32.1.3},
  urldate = {2021-06-08},
  langid = {english},
  annotation = {cites: glaesergottliebtobio2012}
}

@article{goolsbee_syverson_2021,
  title = {Fear, Lockdown, and Diversion: {{Comparing}} Drivers of Pandemic Economic Decline 2020},
  shorttitle = {Fear, Lockdown, and Diversion},
  author = {Goolsbee, Austan and Syverson, Chad},
  year = {2021},
  month = jan,
  journal = {Journal of Public Economics},
  volume = {193},
  pages = {104311},
  issn = {00472727},
  doi = {10.1016/j.jpubeco.2020.104311},
  urldate = {2022-05-10},
  langid = {english}
}

@incollection{griliches_1971,
  title = {1. {{Introduction}}: {{Hedonic Price Indexes Revisited}}},
  shorttitle = {1. {{Introduction}}},
  booktitle = {Price {{Indexes}} and {{Quality Change}}},
  editor = {Griliches, Zvi},
  year = {1971},
  month = dec,
  pages = {3--15},
  publisher = {{Harvard University Press}},
  doi = {10.4159/harvard.9780674592582.c2},
  urldate = {2022-06-24},
  isbn = {978-0-674-59258-2}
}

@book{griliches_1971a,
  title = {Price {{Indexes}} and {{Quality Change}}: {{Studies}} in {{New Methods}} of {{Measurement}}},
  shorttitle = {Price {{Indexes}} and {{Quality Change}}},
  editor = {Griliches, Zvi},
  year = {1971},
  month = dec,
  publisher = {{Harvard University Press}},
  doi = {10.4159/harvard.9780674592582},
  urldate = {2022-06-24},
  isbn = {978-0-674-59261-2}
}

@incollection{griliches_2013,
  type = {Doi:10.4159/Harvard.9780674592582.C4},
  title = {3. {{Hedonic Price Indexes}} for {{Automobiles}}: {{An Econometric Analysis}} of {{Quality Change}}},
  booktitle = {Price {{Indexes}} and {{Quality Change}}: {{Studies}} in {{New Methods}} of {{Measurement}}},
  author = {Griliches, Zvi},
  editor = {Griliches, Zvi},
  year = {2013},
  pages = {55--87},
  publisher = {{Harvard University Press}}
}

@techreport{guglielminetti_etal_2021,
  type = {Questioni Di {{Economia}} e {{Finanza}} ({{Occasional Papers}})},
  title = {Living on My Own: The Impact of the {{Covid-19}} Pandemic on Housing Preferences},
  author = {Guglielminetti, Elisa and Loberto, Michele and Zevi, Giordano and Zizza, Roberta},
  year = {2021},
  number = {627},
  institution = {{Bank of Italy, Economic Research and International Relations Area}},
  keywords = {Covid-19,housing market,working from home}
}

@article{gupta_etal_2022,
  title = {Flattening the Curve: {{Pandemic-Induced}} Revaluation of Urban Real Estate},
  shorttitle = {Flattening the Curve},
  author = {Gupta, Arpit and Mittal, Vrinda and Peeters, Jonas and Van Nieuwerburgh, Stijn},
  year = {2022},
  month = nov,
  journal = {Journal of Financial Economics},
  volume = {146},
  number = {2},
  pages = {594--636},
  issn = {0304-405X},
  doi = {10.1016/j.jfineco.2021.10.008},
  urldate = {2023-04-07},
  langid = {english},
  keywords = {Bid-rent function,COVID-19,Land values,proj-2,Working from home}
}

@techreport{hilber_mense_2021,
  title = {Why Have House Prices Risen so Much More than Rents in Superstar Cities?},
  author = {Hilber, Christian and Mense, Andreas},
  year = {2021},
  number = {dp1743},
  institution = {{Centre for Economic Performance, LSE}},
  keywords = {house prices,housing rents,housing supply,land use,price and rent dynamics,price-to-rent ratio,proj-1}
}

@article{hilber_vermeulen_2016,
  title = {The {{Impact}} of {{Supply Constraints}} on {{House Prices}} in {{England}}},
  author = {Hilber, Christian A. L. and Vermeulen, Wouter},
  year = {2016},
  journal = {The Economic Journal},
  volume = {126},
  number = {591},
  pages = {358--405},
  doi = {10.1111/ecoj.12213}
}

@article{jones_leishman_2006,
  title = {Spatial {{Dynamics}} of the {{Housing Market}}: {{An Interurban Perspective}}},
  shorttitle = {Spatial {{Dynamics}} of the {{Housing Market}}},
  author = {Jones, Colin and Leishman, Chris},
  year = {2006},
  month = jun,
  journal = {Urban Studies},
  volume = {43},
  number = {7},
  pages = {1041--1059},
  issn = {0042-0980, 1360-063X},
  doi = {10.1080/00420980600711316},
  urldate = {2022-04-18},
  langid = {english}
}

@article{klick_schaffner_2021,
  title = {Regional {{Real Estate Price Indices}} for {{Germany}}, 2008 \textendash{} 2019: {{RWI}}\textendash{{GEO}}\textendash{{REDX}}},
  shorttitle = {Regional {{Real Estate Price Indices}} for {{Germany}}, 2008 \textendash{} 2019},
  author = {Klick, Larissa and Schaffner, Sandra},
  year = {2021},
  month = feb,
  journal = {Jahrb\"ucher f\"ur National\"okonomie und Statistik},
  volume = {241},
  number = {1},
  pages = {119--129},
  issn = {2366-049X, 0021-4027},
  doi = {10.1515/jbnst-2020-0001},
  urldate = {2021-06-13},
  langid = {english}
}

@article{kosfeld_werner_2012,
  title = {Deutsche {{Arbeitsmarktregionen}} \textendash{} {{Neuabgrenzung}} Nach Den {{Kreisgebietsreformen}} 2007\textendash 2011},
  author = {Kosfeld, Reinhold and Werner, Alexander},
  year = {2012},
  month = feb,
  journal = {Raumforschung und Raumordnung | Spatial Research and Planning},
  volume = {70},
  number = {1},
  issn = {1869-4179, 0034-0111},
  doi = {10.1007/s13147-011-0137-8},
  urldate = {2022-10-14}
}

@article{liu_su_2021,
  title = {The Impact of the {{COVID-19}} Pandemic on the Demand for Density: {{Evidence}} from the {{U}}.{{S}}. Housing Market},
  shorttitle = {The Impact of the {{COVID-19}} Pandemic on the Demand for Density},
  author = {Liu, Sitian and Su, Yichen},
  year = {2021},
  month = oct,
  journal = {Economics Letters},
  volume = {207},
  pages = {110010},
  issn = {01651765},
  doi = {10.1016/j.econlet.2021.110010},
  urldate = {2022-05-16},
  langid = {english}
}

@article{mills_1967,
  title = {An {{Aggregative Model}} of {{Resource Allocation}} in a {{Metropolitan Area}}},
  author = {Mills, Edwin S.},
  year = {1967},
  journal = {The American Economic Review},
  volume = {57},
  number = {2},
  eprint = {1821621},
  eprinttype = {jstor},
  pages = {197--210},
  publisher = {{American Economic Association}},
  issn = {00028282},
  urldate = {2021-05-09}
}

@techreport{mondragon_wieland_2022,
  title = {Housing {{Demand}} and {{Remote Work}}},
  author = {Mondragon, John and Wieland, Johannes},
  year = {2022},
  month = may,
  number = {w30041},
  pages = {w30041},
  address = {{Cambridge, MA}},
  institution = {{National Bureau of Economic Research}},
  doi = {10.3386/w30041},
  urldate = {2022-05-20},
  langid = {english}
}

@book{muth_1969,
  title = {Cities and Housing: The Spatial Pattern of Urban Residential Land Use},
  shorttitle = {Cities and Housing},
  author = {Muth, Richard F.},
  year = {1969},
  edition = {3. impressions},
  publisher = {{University of Chicago Press}},
  address = {{Chicago, Ill.}},
  isbn = {978-0-226-55413-6},
  langid = {english},
  annotation = {OCLC: 221160230}
}

@techreport{ramani_bloom_2021,
  title = {The {{Donut Effect}} of {{Covid-19}} on {{Cities}}},
  author = {Ramani, Arjun and Bloom, Nicholas},
  year = {2021},
  month = may,
  number = {w28876},
  pages = {w28876},
  address = {{Cambridge, MA}},
  institution = {{National Bureau of Economic Research}},
  doi = {10.3386/w28876},
  urldate = {2022-07-11},
  langid = {english},
}

@article{redding_2023,
  title = {Quantitative {{Urban Models}}: {{From Theory}} to {{Data}}},
  shorttitle = {Quantitative {{Urban Models}}},
  author = {Redding, Stephen J.},
  year = {2023},
  month = may,
  journal = {Journal of Economic Perspectives},
  volume = {37},
  number = {2},
  pages = {75--98},
  issn = {0895-3309},
  doi = {10.1257/jep.37.2.75},
  urldate = {2023-05-04},
  langid = {english},
  keywords = {{Neighborhood Characteristics, Transportation: Demand, Supply, and Congestion},Population,Regional Labor Markets,Safety and Accidents,Transportation Noise,Travel Time}
}

@article{roback_1982,
  title = {Wages, {{Rents}}, and the {{Quality}} of {{Life}}},
  author = {Roback, Jennifer},
  year = {1982},
  month = dec,
  journal = {Journal of Political Economy},
  volume = {90},
  number = {6},
  pages = {1257--1278},
  issn = {0022-3808, 1537-534X},
  doi = {10.1086/261120},
  urldate = {2021-05-08},
  langid = {english}
}

@article{rosen_1974,
  title = {Hedonic {{Prices}} and {{Implicit Markets}}: {{Product Differentiation}} in {{Pure Competition}}},
  shorttitle = {Hedonic {{Prices}} and {{Implicit Markets}}},
  author = {Rosen, Sherwin},
  year = {1974},
  month = jan,
  journal = {Journal of Political Economy},
  volume = {82},
  number = {1},
  pages = {34--55},
  publisher = {{The University of Chicago Press}},
  issn = {0022-3808},
  doi = {10.1086/260169},
  urldate = {2023-03-22}
}

@book{rosen_1979,
  title = {Wage-Based Indexes of Urban Quality of Life},
  author = {Rosen, Sherwin},
  editor = {Mieszkowski, Peter M. and Straszheim, Mahlon R.},
  year = {1979},
  journal = {Current issues in urban economics},
  publisher = {{Johns Hopkins University Press}},
  address = {{Baltimore}},
  isbn = {978-0-8018-2109-7 978-0-8018-2184-4},
  keywords = {Cities and towns,United States,Urban economics}
}


@article{stawarz_etal_2022,
  title = {The Impact of the {{COVID}}-19 Pandemic on Internal Migration in {{Germany}}: {{A}} Descriptive Analysis},
  shorttitle = {The Impact of the {{COVID}}-19 Pandemic on Internal Migration in {{Germany}}},
  author = {Stawarz, Nico and Rosenbaum-Feldbr{\"u}gge, Matthias and Sander, Nikola and Sulak, Harun and Knobloch, Vanessa},
  year = {2022},
  month = mar,
  journal = {Population, Space and Place},
  issn = {1544-8444, 1544-8452},
  doi = {10.1002/psp.2566},
  urldate = {2022-07-10},
  langid = {english}
}

@misc{rwi_grid_2022,
  title = {{RWI-GEO-GRID: Socioeconomic Data on Grid Level (Wave 12)}},
  author = {{RWI - Leibniz Institute for Economic Research}},
  doi = {10.7807/microm:v12},
  year = {2022},
  sortyear = {1122},
  addendum = {[Data set].}
}

@misc{rwi_grid_2023,
  title = {{RWI-GEO-GRID: Socioeconomic Data on Grid Level (Wave 13)}},
  author = {{RWI - Leibniz Institute for Economic Research}},
  doi = {10.7807/microm:v13},
  year = {2023},
  sortyear = {1122},
  addendum = {[Data set].}
}

@article{althoff_etal_2022,
  title = {{The Geography of Remote Work}},
  author = {Althoff, Lukas and Eckert, Fabian and Ganapati, Sharat and Walsh, Conor},
  journal = {Regional Science and Urban Economics},
  volume = {93},
  pages = {103770},
  year = {2022},
  publisher = {Elsevier}
}

@misc{rwi_redwm_2022,
	title = {RWI Real Estate Data - Wohnungsmiete - SUF},
	author = {{RWI} and {ImmobilienScout24}},
	year = {2022},
	date = {2022},
	publisher = {RWI {\textendash} Leibniz Institute for Economic Research},
	pages = {aber auch generierte Informationen wie die Dauer der Inseratverfügbarkeit.},
	volume = {Größe und Ausstattung der Wohneinheit},
	doi = {10.7807/IMMO:RED:WM:SUF:V7},
	url = {https://fdz.rwi-essen.de/doi-detail/id-107807immoredwmsufv7.html},
	langid = {en}
}

@misc{rwi_redhk_2022,
	title = {RWI Real Estate Data - Hauskauf - SUF},
	author = {{RWI} and {ImmobilienScout24}},
	year = {2022},
	date = {2022},
	publisher = {RWI {\textendash} Leibniz Institute for Economic Research},
	pages = {aber auch generierte Informationen wie die Dauer der Inseratverfügbarkeit.},
	volume = {Größe und Ausstattung der Wohneinheit},
	doi = {10.7807/IMMO:RED:HK:SUF:V7},
	url = {https://fdz.rwi-essen.de/doi-detail/id-107807immoredhksufv7.html},
	langid = {en}
}

@article{alipour_etal_2023,
  title = {{Germany’s Capacity to Work From Home}},
  author = {Alipour, Jean-Victor and Falck, Oliver and Sch{\"u}ller, Simone},
  journal = {European Economic Review},
  volume = {151},
  pages = {104354},
  year = {2023},
  publisher = {Elsevier}
}

@article{alipour_etal_2022,
  title = {{The Future of Work and Consumption in Cities after the Pandemic: Evidence from Germany}},
  author = {Alipour, Jean-Victor and Falck, Oliver and Krause, Simon and Krolage, Carla and Wichert, Sebastian},
  year = {2022},
  number = {10000},
  publisher = {{CESifo Working Paper}}
}

@article{hamann_etal_2023,
  title = {{How Does the COVID-19 Pandemic Affect Regional Labour Markets and Why Do Large Cities Suffer Most?}},
  author = {Hamann, Silke and Niebuhr, Annekatrin and Roth, Duncan and Sieglen, Georg},
  year = {2023},
  number = {3/2023},
  vol = {3},
  journal = {{IAB-Discussion Paper}}
}

@article{nagler_etal_2022,
  title = {{How Much Do Workers Actually Value Working from Home?}},
  author = {Nagler, Markus and Rincke, Johannes and Winkler, Erwin},
  year = {2022},
  number = {10073},
  journal = {{CESifo Working Paper}}
}

@article{cho_etal_2006,
  title = {{Measuring the Contribution of Water and Green Space Amenities to Housing Values: An Application and Comparison of Spatially Weighted Hedonic Models}},
  author = {Cho, Seong-Hoon and Bowker, J Michael and Park, William M},
  journal = {{Journal of Agricultural and Resource Economics}},
  pages = {485-507},
  year = {2006},
  publisher = {JSTOR}
}

@article{vanvuuren_2023,
  title = {{Is There a Diminishing Willingness to Pay for Consumption Amenities as a Result of the Covid-19 Pandemic?}},
  author = {van Vuuren, Aico},
  journal = {Regional Science and Urban Economics},
  volume = {98},
  pages = {103858},
  year = {2023},
  publisher = {Elsevier}
}

@article{schafer_hirsch_2017,
  title = {{Do Urban Tourism Hotspots Affect Berlin Housing Rents?}},
  author = {Sch{\"a}fer, Philipp and Hirsch, Jens},
  journal = {International Journal of Housing Markets and Analysis},
  volume = {10},
  number = {2},
  pages = {231-255},
  year = {2017},
  publisher = {Emerald Publishing Limited}
}

@article{conway_etal_2010,
  title = {{A Spatial Autocorrelation Approach for Examining the Effects of Urban Greenspace on Residential Property Values}},
  author = {Conway, Delores and Li, Christina Q and Wolch, Jennifer and Kahle, Christopher and Jerrett, Michael},
  journal = {The Journal of Real Estate Finance and Economics},
  volume = {41},
  pages = {150-169},
  year = {2010},
  publisher = {Springer}
}

@article{kolbe_wustemann_2015,
  title = {Estimating the Value of Urban Green Space: A Hedonic Pricing Analysis of the Housing Market in Cologne, Germany},
  author = {Kolbe, Jens and W{\"u}stemann, Henry},
  year = {2015},
  number = {2015-002},
  journal = {SFB 649 Discussion Paper}
}

@article{cheung_fernandez_2021,
  title = {{Changes in Amenity Values after COVID-19 Lockdowns in Auckland, New Zealand}},
  author = {Cheung, Lydia and Fernandez, Mario Andres},
  journal = {{Economic Papers}},
  volume = {40},
  number = {4},
  pages = {331-350},
  year = {2021},
  publisher={Wiley Online Library}
}

@article{batalha_etal_2022,
  title = {{The Virus That Devastated Tourism: The Impact of Covid-19 on the Housing Market}},
  author = {Batalha, Mafalda and Gon{\c{c}}alves, Duarte and Peralta, Susana and Dos Santos, Jo{\~a}o Pereira},
  journal = {Regional Science and Urban Economics},
  volume = {95},
  pages = {103774},
  year = {2022},
  publisher = {Elsevier}
}

@misc{regionalstatistik_2023,
  title = {{Zu- und Fortzüge (über Gemeindegrenzen) - Jahressumme - regionale Tiefe: Gemeinden - 2017-2021}},
  author = {{Federal Statistical Office}},
  url = {www.regionalstatistik.de},
  year = {2023},
  addendum = {[Data set, Accessed: September 2023].}
}

@misc{fmj_2023,
  title = {{Einkommenssteuergesetz (EStG) §23 Private Veräußerungsgeschäfte}},
  author = {{Federal Ministry of Justice (FMJ)}},
  url = {https://www.gesetze-im-internet.de/estg/__23.html},
  year = {2023}
  addendum = {[Accessed: September 2023].}
}

@misc{fmj_2008,
  title = {{Wohngeldgesetz (WoGG)}},
  author = {{Federal Ministry of Justice (FMJ)}},
  url = {https://www.gesetze-im-internet.de/wogg/BJNR185610008.html#BJNR185610008BJNG000100000},
  year = {2008}
  addendum = {[Accessed: September 2023].}
}

@misc{bmwsb_2023a,
  title = {{Fakten zum Wohnungsmarkt}},
  author = {{Federal Ministry for Housing, Urban Development and Building (BMWSB)}},
  url = {https://www.bmwsb.bund.de/Webs/BMWSB/DE/themen/stadt-wohnen/wohnungswirtschaft/fakten-wohnungsmarkt/fakten-wohnungsmarkt-node.html},
  year = {2023},
  sortyear = {20231}
  addendum = {[Accessed: September 2023].}
}

@misc{bmwsb_2023b,
  title = {{Soziale Wohnraumförderung}},
  author = {{Federal Ministry for Housing, Urban Development and Building (BMWSB)}},
  url = {https://www.bmwsb.bund.de/Webs/BMWSB/DE/themen/stadt-wohnen/wohnraumfoerderung/soziale-wohnraumfoerderung/soziale-wohnraumfoerderung-node.html},
  year = {2023},
  sortyear = {20232}
  addendum = {[Accessed: September 2023].}
}

@misc{fos_2022,
  title = {{Deutschland ist Mieterland Nr. 1 in der EU}},
  author = {{Federal Statistical Office)}},
  url = {https://www.destatis.de/Europa/DE/Thema/Bevoelkerung-Arbeit-Soziales/Soziales-Lebensbedingungen/Mieteranteil.html},
  year = {2022},
  addendum = {[Accessed: September 2023].}
}

@article{voigtlaender_2022,
  title = {{Die Resilienz des deutschen Wohnungsmarktes}},
  author = {Voigtl{\"a}nder, Michael},
  year = {2022},
  journal = {IW-Kurzbericht},
  volume = {53}
}

@misc{deutsche_bank_2022,
  title = {{Wohnimmobilien Deutschland: Ende des Aufschwungs?}},
  author = {{Deutsche Bank)}},
  url = {https://www.deutsche-bank.de/pk/sparen-und-anlegen/finanzmarktexpertise/markt-und-meinung/mum-immobilien/wohnimmobilien-deutschland-ende-des-aufschwungs.html},
  year = {2022},
  addendum = {[Accessed: September 2023].}
}
